<record><leader>00000cas a2200000 a 4500</leader><controlfield tag="001">11190256</controlfield><controlfield tag="008">840924d18831899ksuwr ne      0   a0eng d</controlfield><controlfield tag="009">3789</controlfield><datafield ind1=" " ind2=" " tag="010"><subfield code="a">sn 84029565 </subfield></datafield><datafield ind1=" " ind2=" " tag="040"><subfield code="a">KSH</subfield><subfield code="b">eng</subfield><subfield code="c">KSH</subfield><subfield code="d">NPT</subfield><subfield code="d">OCL</subfield></datafield><datafield ind1=" " ind2=" " tag="042"><subfield code="a">msc</subfield></datafield><datafield ind1="0" ind2=" " tag="130"><subfield code="a">Lawrence gazette (Lawrence, Kan. : 1883)</subfield></datafield><datafield ind1="0" ind2="4" tag="245"><subfield code="a">The Lawrence gazette.</subfield></datafield><datafield ind1=" " ind2=" " tag="260"><subfield code="a">Lawrence, Kan. :</subfield><subfield code="b">Osbun Shannon,</subfield><subfield code="c">1883-1899.</subfield></datafield><datafield ind1=" " ind2=" " tag="300"><subfield code="a">17 v. :</subfield><subfield code="b">ill. ;</subfield><subfield code="c">60 cm.</subfield></datafield><datafield ind1=" " ind2=" " tag="310"><subfield code="a">Weekly</subfield></datafield><datafield ind1="0" ind2=" " tag="362"><subfield code="a">Vol. 1, no. 22 (Feb. 1, 1883)-v. 17, no. 865 (Mar. 30, 1899).</subfield></datafield><datafield ind1=" " ind2=" " tag="500"><subfield code="a">Mar. 29, 1884 issue has extra edition.</subfield></datafield><datafield ind1=" " ind2=" " tag="500"><subfield code="a">Published by: Gazette Pub. Co., Nov. 5, 1885-June 13, 1895; Lawrence Gazette Pub. Co., June 20, 1895-Mar. 30, 1899.</subfield></datafield><datafield ind1=" " ind2=" " tag="500"><subfield code="a">"Democratic," Aug. 30, 1883- .</subfield></datafield><datafield ind1=" " ind2=" " tag="525"><subfield code="a">Has occasional supplements.</subfield></datafield><datafield ind1=" " ind2=" " tag="580"><subfield code="a">Issued also in daily edition called: Lawrence daily gazette, Oct. 15, 1884-Nov. 3, 1885; Lawrence daily gazette (Lawrence, Kan. : 1893), July 2, 1893-May 31, 1895.</subfield></datafield><datafield ind1=" " ind2=" " tag="752"><subfield code="a">United States</subfield><subfield code="b">Kansas</subfield><subfield code="c">Douglas</subfield><subfield code="d">Lawrence.</subfield></datafield><datafield ind1="1" ind2=" " tag="775"><subfield code="t">Lawrence daily gazette</subfield><subfield code="g">Oct. 15, 1884-Nov. 3, 1885</subfield><subfield code="w">(DLC)sn 84029606</subfield></datafield><datafield ind1="1" ind2=" " tag="775"><subfield code="t">Lawrence daily gazette (Lawrence, Kan. : 1893)</subfield><subfield code="g">July 2, 1893-May 31, 1895</subfield><subfield code="w">(DLC)sn 84029607</subfield></datafield><datafield ind1="0" ind2="0" tag="780"><subfield code="t">Kansas weekly gazette</subfield><subfield code="w">(DLC)sn 84029561</subfield></datafield><datafield ind1="0" ind2="5" tag="780"><subfield code="t">Weekly record (Lawrence, Kan.)</subfield><subfield code="g">June 30, 1893</subfield><subfield code="w">(DLC)sn 84029568</subfield></datafield><datafield ind1="0" ind2="7" tag="785"><subfield code="t">Jeffersonian (Topeka, Kan.)</subfield><subfield code="w">(DLC)sn 84029575</subfield></datafield><datafield ind1="0" ind2="7" tag="785"><subfield code="t">Jeffersonian gazette</subfield><subfield code="w">(DLC)sn 84029555</subfield></datafield></record>